<collection xmlns="http://www.loc.gov/MARC21/slim">
<record>
  <leader>01285nam0a2200289 i 450 </leader>
  <controlfield tag="001">IT\ICCU\CNCE\005466</controlfield>
  <controlfield tag="005">19970101000000.0</controlfield>
  <datafield tag="012" ind1=" " ind2=" ">
    <subfield code="a">ses, m-*, a.e, osph (3) 1595 (R)</subfield>
    <subfield code="2">fei</subfield>
  </datafield>
  <datafield tag="100" ind1=" " ind2=" ">
    <subfield code="a">19970101d1595        0itac0103    ba</subfield>
  </datafield>
  <datafield tag="101" ind1=" " ind2=" ">
    <subfield code="a">LAT</subfield>
  </datafield>
  <datafield tag="102" ind1=" " ind2=" ">
    <subfield code="a">IT</subfield>
  </datafield>
  <datafield tag="200" ind1="1" ind2=" ">
    <subfield code="a">In tertium librum Rhet. Arist. egregia explicatio. Cui additum est in Arist. Rhetoricam prooemium vniuersale</subfield>
  </datafield>
  <datafield tag="210" ind1=" " ind2=" ">
    <subfield code="a">Bononiae</subfield>
    <subfield code="c">apud Victorium Benatium</subfield>
    <subfield code="d">1595</subfield>
  </datafield>
  <datafield tag="215" ind1=" " ind2=" ">
    <subfield code="a">\60!, 156, 286 p.</subfield>
    <subfield code="d">fol</subfield>
  </datafield>
  <datafield tag="620" ind1=" " ind2=" ">
    <subfield code="a">IT</subfield>
    <subfield code="d">Bologna</subfield>
  </datafield>
  <datafield tag="700" ind1=" " ind2="1">
    <subfield code="a">Bernardi,</subfield>
    <subfield code="b">Antonio</subfield>
    <subfield code="3">IT\ICCU\CNCA\001646</subfield>
  </datafield>
  <datafield tag="702" ind1=" " ind2="0">
    <subfield code="a">Aristoteles</subfield>
    <subfield code="3">IT\ICCU\CNCA\000006</subfield>
  </datafield>
  <datafield tag="712" ind1="0" ind2="0">
    <subfield code="a">Benacci, Vittorio</subfield>
    <subfield code="3">IT\ICCU\CNCT\000021</subfield>
    <subfield code="4">650</subfield>
  </datafield>
  <datafield tag="790" ind1=" " ind2="1">
    <subfield code="a">Bernardi della Mirandola,</subfield>
    <subfield code="b">Antonio de&apos;</subfield>
    <subfield code="3">IT\ICCU\CNCA\012722</subfield>
    <subfield code="z">Bernardi, Antonio</subfield>
  </datafield>
  <datafield tag="790" ind1=" " ind2="0">
    <subfield code="a">Aristotele</subfield>
    <subfield code="3">IT\ICCU\CNCA\018928</subfield>
    <subfield code="z">Aristoteles</subfield>
  </datafield>
  <datafield tag="791" ind1="0" ind2="0">
    <subfield code="a">Benatius, Victorius</subfield>
    <subfield code="3">IT\ICCU\CNCT\003648</subfield>
    <subfield code="z">Benacci, Vittorio</subfield>
  </datafield>
  <datafield tag="791" ind1="0" ind2="0">
    <subfield code="a">Benacius, Victorius</subfield>
    <subfield code="3">IT\ICCU\CNCT\004325</subfield>
    <subfield code="z">Benacci, Vittorio</subfield>
  </datafield>
  <datafield tag="801" ind1=" " ind2="3">
    <subfield code="a">IT</subfield>
    <subfield code="b">ICCU</subfield>
    <subfield code="c">20201113</subfield>
  </datafield>
  <datafield tag="899" ind1=" " ind2=" ">
    <subfield code="a">Biblioteca universitaria. Genova</subfield>
    <subfield code="1">GE0038</subfield>
    <subfield code="2">LIG 01</subfield>
  </datafield>
  <datafield tag="899" ind1=" " ind2=" ">
    <subfield code="a">Biblioteca comunale. Mirandola</subfield>
    <subfield code="1">MO0035</subfield>
    <subfield code="2">MOD MR</subfield>
  </datafield>
  <datafield tag="899" ind1=" " ind2=" ">
    <subfield code="a">Biblioteca del Collegio cardinale Giulio Alberoni. Piacenza</subfield>
    <subfield code="1">PC0032</subfield>
    <subfield code="2">PIA AB</subfield>
  </datafield>
  <datafield tag="899" ind1=" " ind2=" ">
    <subfield code="a">Biblioteca universitaria Alessandrina. Roma</subfield>
    <subfield code="1">RM0280</subfield>
    <subfield code="2">RML 01</subfield>
  </datafield>
</record>
</collection>
